<record><leader>00000cas a2200000 a 4500</leader><controlfield tag="001">14286854</controlfield><controlfield tag="008">861001c19669999kyudn ne      0   a0eng d</controlfield><controlfield tag="009">5569</controlfield><datafield ind1=" " ind2=" " tag="010"><subfield code="a">sn 86069590 </subfield></datafield><datafield ind1=" " ind2=" " tag="040"><subfield code="a">KNP</subfield><subfield code="b">eng</subfield><subfield code="c">KNP</subfield><subfield code="d">NSD</subfield><subfield code="d">KNP</subfield><subfield code="d">OCL</subfield><subfield code="d">OCLCQ</subfield><subfield code="d">KYUBL</subfield><subfield code="d">OCLCQ</subfield><subfield code="d">OCLCO</subfield><subfield code="d">OCLCF</subfield></datafield><datafield ind1=" " ind2=" " tag="012"><subfield code="m">1</subfield></datafield><datafield ind1="1" ind2=" " tag="022"><subfield code="a">0899-1839</subfield><subfield code="l">0899-1839</subfield><subfield code="2">1</subfield></datafield><datafield ind1="1" ind2=" " tag="029"><subfield code="a">AU@</subfield><subfield code="b">000020428205</subfield></datafield><datafield ind1=" " ind2=" " tag="032"><subfield code="a">126020</subfield><subfield code="b">USPS</subfield></datafield><datafield ind1=" " ind2=" " tag="037"><subfield code="b">The Commonwealth-journal, P.O. Box 859, 110-112 E., Mt. Vernon St., Somerset, KY 42501</subfield></datafield><datafield ind1=" " ind2=" " tag="042"><subfield code="a">msc</subfield><subfield code="a">nsdp</subfield></datafield><datafield ind1=" " ind2=" " tag="043"><subfield code="a">n-us-ky</subfield></datafield><datafield ind1="0" ind2=" " tag="130"><subfield code="a">Commonwealth-journal (Somerset, Ky.)</subfield></datafield><datafield ind1=" " ind2="4" tag="222"><subfield code="a">The Commonwealth-journal</subfield><subfield code="b">(Somerset, Ky.)</subfield></datafield><datafield ind1="1" ind2="4" tag="245"><subfield code="a">The commonwealth-journal.</subfield></datafield><datafield ind1=" " ind2=" " tag="260"><subfield code="a">Somerset, Ky. :</subfield><subfield code="b">Mrs. George A. Joplin, Jr. and Mrs. Murray K. Rogers,</subfield><subfield code="c">1966-</subfield></datafield><datafield ind1=" " ind2=" " tag="300"><subfield code="a">v. :</subfield><subfield code="b">ill.</subfield></datafield><datafield ind1=" " ind2=" " tag="310"><subfield code="a">Daily (Sun. through Fri.),</subfield><subfield code="b">&lt;1988&gt;-</subfield></datafield><datafield ind1=" " ind2=" " tag="321"><subfield code="a">Daily (except Sat. and Sun.),</subfield><subfield code="b">1966-</subfield></datafield><datafield ind1="0" ind2=" " tag="362"><subfield code="a">Vol. 1, no. 1 (Jan. 3, 1966)-</subfield></datafield><datafield ind1=" " ind2=" " tag="500"><subfield code="a">Issues for &lt;May 11, 1988-&gt; published by the Commonwealth-Journal.</subfield></datafield><datafield ind1=" " ind2=" " tag="588"><subfield code="a">Latest issue consulted: Vol. 23, no. 114 (May 13, 1988).</subfield></datafield><datafield ind1=" " ind2="0" tag="651"><subfield code="a">Somerset (Ky.)</subfield><subfield code="v">Newspapers.</subfield></datafield><datafield ind1=" " ind2="0" tag="651"><subfield code="a">Pulaski County (Ky.)</subfield><subfield code="v">Newspapers.</subfield></datafield><datafield ind1=" " ind2="7" tag="655"><subfield code="a">Newspapers.</subfield><subfield code="2">fast</subfield><subfield code="0">(OCoLC)fst01423814</subfield></datafield><datafield ind1=" " ind2="7" tag="651"><subfield code="a">Kentucky</subfield><subfield code="z">Pulaski County.</subfield><subfield code="2">fast</subfield><subfield code="0">(OCoLC)fst01225058</subfield></datafield><datafield ind1=" " ind2="7" tag="651"><subfield code="a">Kentucky</subfield><subfield code="z">Somerset.</subfield><subfield code="2">fast</subfield><subfield code="0">(OCoLC)fst01227050</subfield></datafield><datafield ind1=" " ind2=" " tag="752"><subfield code="a">United States</subfield><subfield code="b">Kentucky</subfield><subfield code="c">Pulaski</subfield><subfield code="d">Somerset.</subfield></datafield><datafield ind1="0" ind2="4" tag="780"><subfield code="t">Somerset journal (Somerset, Ky.)</subfield><subfield code="w">(DLC)sn 86069589</subfield></datafield><datafield ind1="0" ind2="4" tag="780"><subfield code="t">Commonwealth (Somerset, Ky.)</subfield><subfield code="w">(DLC)sn 86069588</subfield></datafield></record>